HUSK:

- Referanse til Norman og dem i mot designet v책rt 
- sett designet opp mot tidligste design og knytt design-prinsipper til disse :):):)
- Prat med ansatte p책 sirkus shopping
- SUS-score og resultater fra Axurebrukertest
- Sjekke innhold i forarbeid i forhold til kravspek

Refleksjoner:

- SKulle testet p책 flere relevante brukere
- Skulle testet p책 direkte funksjonaliteter 
- 